@online{DocFeatures,
    author = "Nordic Semiconductor",
    title = "Nordic Semiconductor Infocenter, Nordic Thingy:52 Reference Design",
    url  = "https://infocenter.nordicsemi.com/index.jsp?topic=\%2Fug_thingy52\%2FUG\%2Fthingy52\%2Fintro\%2Ffrontpage.html",
    addendum = "(accessed: 07.07.2020)",
    keywords = "nordic, documentation"
}

@online{FirmwareDownload,
    author = "Nordic Semiconductor",
    title = "Nordic Thingy:52",
    url  = "https://www.nordicsemi.com/Software-and-tools/Prototyping-platforms/Nordic-Thingy-52/Download",
    addendum = "(accessed: 09.07.2020)",
    keywords = "nordic, firmware"
}

@online{WebAPI,
    author = "Nordic Semiconductor",
    title = "Thingy:52 Web Bluetooth API",
    url  = "https://developer.nordicsemi.com/thingy/52/",
    addendum = "(accessed: 09.07.2020)",
    keywords = "nordic, ble"
}

@online{WebBluetooth,
    author = "Fran√ßois Beaufort",
    title = "Interact with BLE devices on the web",
    url  = "https://developers.google.com/web/updates/2015/07/interact-with-ble-devices-on-the-web",
    addendum = "(accessed: 09.07.2020)",
    keywords = "ble, web"
}

@online{FirmwareGH,
    author = "Nordic Semiconductor",
    title = "GitHub NordicSemiconductor / Nordic-Thingy52-FW",
    url  = "https://github.com/NordicSemiconductor/Nordic-Thingy52-FW",
    addendum = "(accessed: 09.07.2020)",
    keywords = "nordic, firmware"
}

@online{SoftDevice,
    author = "Nordic Semiconductor",
    title = "Nordic Semiconductor Infocenter",
    url  = "https://infocenter.nordicsemi.com/topic/ug_gsg_ses/UG/gsg/softdevices.html",
    addendum = "(accessed: 09.07.2020)",
    keywords = "nordic, softdevice, firmware"
}

@online{SoftDevice132,
    author = "Nordic Semiconductor",
    title = "Nordic Semiconductor Infocenter",
    url  = "https://infocenter.nordicsemi.com/index.jsp?topic=\%2Fstruct_nrf52\%2Fstruct\%2Fs132.html",
    addendum = "(accessed: 10.07.2020)",
    keywords = "nordic, softdevice, firmware"
}

@online{dkboard,
    author = "Nordic Semiconductor",
    title = "nRF52 DK",
    url  = "https://www.nordicsemi.com/Software-and-Tools/Development-Kits/nRF52-DK",
    addendum = "(accessed: 15.07.2020)",
    keywords = "nordic, dkboard, firmware"
}

@online{compilefirmware,
    author = "Nordic Semiconductor",
    title = "Nordic Thingy:52 v2.2.0 : Compiling new firmware",
    url  = "https://nordicsemiconductor.github.io/Nordic-Thingy52-FW/documentation/firmware_compile.html",
    addendum = "(accessed: 15.07.2020)",
    keywords = "nordic, compile, firmware"
}

@online{nrfgostudio,
    author = "Nordic Semiconductor",
    title = "Nordic Thingy:52 v2.2.0 : Firmware update using nRFgo Studio",
    url  = "https://nordicsemiconductor.github.io/Nordic-Thingy52-FW/documentation/dfu_cable.html",
    addendum = "(accessed: 15.07.2020)",
    keywords = "nordic, compile, firmware"
}

@online{blewikipedia,
    author = "Wikipedia",
    title = "Bluetooth Low Energy",
    url  = "https://en.wikipedia.org/wiki/Bluetooth_Low_Energy",
    addendum = "(accessed: 23.07.2020)",
    keywords = "ble, Wikipedia"
}

@online{bletime,
    author = "2013 Bluetooth SIG",
    title = "Bluetooth Low Energy Technology",
    url  = "https://web.archive.org/web/20140214120404/http://www.bluetooth.com/Pages/low-energy-tech-info.aspx",
    addendum = "(accessed: 23.07.2020)",
    keywords = "ble, firmware"
}

@online{blesize,
    author = "Punch Through",
    title = "Maximizing BLE Throughput Part 2",
    url  = "https://punchthrough.com/maximizing-ble-throughput-part-2-use-larger-att-mtu-2/",
    addendum = "(accessed: 23.07.2020)",
    keywords = "ble, firmware"
}

@online{uuid,
    author = "MartinBL, Nordic Semiconductor",
    title = "Bluetooth low energy Services, a beginner's tutorial",
    url  = "https://devzone.nordicsemi.com/nordic/short-range-guides/b/bluetooth-low-energy/posts/ble-services-a-beginners-tutorial",
    addendum = "(accessed: 27.07.2020)",
    keywords = "ble, firmware"
}

@online{bluetoothspecs,
    author = "Bluetooth SIG",
    title = "Bluetooth Core Specifications",
    url  = "https://www.bluetooth.org/docman/handlers/downloaddoc.ashx?doc_id=478726",
    addendum = "(accessed: 27.07.2020)",
    keywords = "ble, firmware, gatt"
}